<?xml version="1.0" encoding="UTF-8" ?>
<record Numero="13936748" format="InterXMarc_Complet" type="Authority">
<leader>00973c0 au22000272  45  <Pos Code="0004">00973</Pos>
<Pos Code="05" Sens="notice modifiée">c</Pos>
<Pos Code="06" Sens="notice validée par les services d&apos;autorité">0</Pos>
<Pos Code="08" Sens="notice d&apos;autorité">a</Pos>
<Pos Code="09" Sens="titre uniforme musical (TUM)">u</Pos>
<Pos Code="10">2</Pos>
<Pos Code="11">2</Pos>
<Pos Code="1216">00027</Pos>
<Pos Code="17" Sens="autres cas">2</Pos>
<Pos Code="20">4</Pos>
<Pos Code="21">5</Pos>
</leader>
<controlfield tag="001">FRBNF139367481<Pos Code="0001">FR</Pos>
<Pos Code="0204">BNF</Pos>
<Pos Code="0512">13936748</Pos>
<Pos Code="13">1</Pos>
</controlfield>
<controlfield tag="008">910412121123yy    su        1893      1895                   1   <Pos Code="0001">91</Pos>
<Pos Code="0203">04</Pos>
<Pos Code="0405">12</Pos>
<Pos Code="0607">12</Pos>
<Pos Code="0809">11</Pos>
<Pos Code="1011">23</Pos>
<Pos Code="1213" Sens="ne s&apos;applique pas">yy</Pos>
<Pos Code="1820">su </Pos>
<Pos Code="2831">1893</Pos>
<Pos Code="3841">1895</Pos>
<Pos Code="61" Sens="La vedette peut être liée à une notice bibliographique sauf pour l&apos;accès matière RAMEAU">1</Pos>
</controlfield>
<datafield tag="048" ind1=" " ind2=" ">
	<subfield code="a">oa01<Pos Code="0001" Sens="orchestre - orchestre symphonique XIXe-XXe s.">oa</Pos>
<Pos Code="02">0</Pos>
<Pos Code="03">1</Pos>
</subfield>
</datafield>
<datafield tag="100" ind1=" " ind2=" ">
	<subfield code="3">13899758</subfield>
	<subfield code="w">.0..b.....</subfield>
	<subfield code="a">Sibelius</subfield>
	<subfield code="m">Jean</subfield>
	<subfield code="d">1865-1957</subfield>
</datafield>
<datafield tag="144" ind1="1" ind2=" ">
	<subfield code="w">....b.....</subfield>
	<subfield code="a">Lemminkäinen</subfield>
	<subfield code="p">Op. 22</subfield>
</datafield>
<datafield tag="302" ind1=" " ind2=" ">
	<subfield code="3">13919200</subfield>
	<subfield code="a">Sibelius</subfield>
	<subfield code="m">Jean</subfield>
	<subfield code="d">1865-1957</subfield>
	<subfield code="t">[Lemminkäinen palaa kotitienoille. Op. 22, no 4]</subfield>
</datafield>
<datafield tag="302" ind1=" " ind2=" ">
	<subfield code="3">13919199</subfield>
	<subfield code="a">Sibelius</subfield>
	<subfield code="m">Jean</subfield>
	<subfield code="d">1865-1957</subfield>
	<subfield code="t">[Tuonelan joutsen. Op. 22, no 3]</subfield>
</datafield>
<datafield tag="302" ind1=" " ind2=" ">
	<subfield code="3">14000778</subfield>
	<subfield code="a">Sibelius</subfield>
	<subfield code="m">Jean</subfield>
	<subfield code="d">1865-1957</subfield>
	<subfield code="t">[Lemminkäinen ja saaren neidot. Op. 22, no 1]</subfield>
</datafield>
<datafield tag="444" ind1="1" ind2=" ">
	<subfield code="w">....b.....</subfield>
	<subfield code="a">Lemminkäis-sarja</subfield>
	<subfield code="p">Op. 22</subfield>
</datafield>
<datafield tag="502" ind1=" " ind2=" ">
	<subfield code="3">15607076</subfield>
	<subfield code="a">Sibelius</subfield>
	<subfield code="m">Jean</subfield>
	<subfield code="d">1865-1957</subfield>
	<subfield code="t">[Poèmes symphoniques]</subfield>
</datafield>
<datafield tag="600" ind1=" " ind2=" ">
	<subfield code="a">Comprend 4 légendes : &quot;Lemminkäinen ja saaren neidot&quot;, &quot;Lemminkäinen Tuonelassa&quot;, &quot;Tuonelan joutsen&quot;, &quot;Lemminkäinen palaa kotitienoille&quot;</subfield>
</datafield>
<datafield tag="600" ind1=" " ind2=" ">
	<subfield code="a">Date de composition : 1893-95</subfield>
</datafield>
<datafield tag="600" ind1=" " ind2=" ">
	<subfield code="a">1re exécution : 1896-13-04</subfield>
</datafield>
<datafield tag="600" ind1=" " ind2=" ">
	<subfield code="a">Date de révision : 1897</subfield>
</datafield>
<datafield tag="600" ind1=" " ind2=" ">
	<subfield code="a">1900 (rév., no 3-4)</subfield>
</datafield>
<datafield tag="600" ind1=" " ind2=" ">
	<subfield code="a">1939 (rév., no 1-2)</subfield>
</datafield>
<datafield tag="610" ind1=" " ind2=" ">
	<subfield code="a">The works of Jean Sibelius / Fabian Dahlström, 1987</subfield>
</datafield>
<datafield tag="917" ind1=" " ind2=" ">
	<subfield code="o">OPC</subfield>
	<subfield code="a">100674580</subfield>
</datafield>
<Alter Ori="13899758">
<datafield tag="400" ind1=" " ind2=" ">
	<subfield code="w">....b.....</subfield>
	<subfield code="a">Sibelius</subfield>
	<subfield code="m">Johan Julius Christian</subfield>
	<subfield code="d">1865-1957</subfield>
</datafield>
</Alter>
<Attr Nom="IDPerenne">ark:/12148/cb139367484</Attr>
<Attr Nom="NumSource">OPC 100674580</Attr>
<Attr Nom="Source" Sens="BnF catalogue général (depuis 1999)">A</Attr>
<Attr Nom="NumAutoriteLiee">1389975815607076</Attr>
<Attr Nom="DateCreation">12/04/ 1991</Attr>
<Attr Nom="ResponsableCreation">MIGV2</Attr>
<Attr Nom="StructCreation">1</Attr>
<Attr Nom="DateDerniereValidation">23/11/ 2012</Attr>
<Attr Nom="ResponsableDerniereValidation">SERRES CATHERINE</Attr>
<Attr Nom="StructPremiereValidation">1</Attr>
<Attr Nom="DatePremiereValidation">12/04/ 1991</Attr>
<Attr Nom="ResponsablePremiereValidation">MIGV2</Attr>
<Attr Nom="StructDerniereValidation">82</Attr>
<Attr Nom="NumSource">OPL 015725481</Attr>
</record>
